<marc:collection xmlns:marc="http://www.loc.gov/MARC21/slim" xmlns:xsi="http://www.w3.org/2001/XMLSchema-instance" xsi:schemaLocation="http://www.loc.gov/MARC21/slim http://www.loc.gov/standards/marcxml/schema/MARC21slim.xsd">
    <marc:record type="Bibliographic">
        <marc:leader>01842cam a2200445 a 4500</marc:leader>
        <marc:controlfield tag="001">744910</marc:controlfield>
        <marc:controlfield tag="003">NjP</marc:controlfield>
        <marc:controlfield tag="005">20130918084912.0</marc:controlfield>
        <marc:controlfield tag="007">hd bfa010baaa</marc:controlfield>
        <marc:controlfield tag="007">hd bfa010baba</marc:controlfield>
        <marc:controlfield tag="007">hd afa010baca</marc:controlfield>
        <marc:controlfield tag="008">920103s1947    le      a     000 0 ara d</marc:controlfield>
        <marc:datafield tag="035" ind1=" " ind2=" ">
            <marc:subfield code="a">(OCoLC)ocn176500594</marc:subfield>
        </marc:datafield>
        <marc:datafield tag="035" ind1=" " ind2=" ">
            <marc:subfield code="a">(OCoLC)25336824</marc:subfield>
        </marc:datafield>
        <marc:datafield tag="040" ind1=" " ind2=" ">
            <marc:subfield code="a">NjP</marc:subfield>
            <marc:subfield code="c">PUL</marc:subfield>
            <marc:subfield code="d">PUL</marc:subfield>
        </marc:datafield>
        <marc:datafield tag="035" ind1=" " ind2=" ">
            <marc:subfield code="a">(OCoLC)176500594</marc:subfield>
        </marc:datafield>
        <marc:datafield tag="035" ind1=" " ind2=" ">
            <marc:subfield code="a">(CStRLIN)NJPG92-B496</marc:subfield>
        </marc:datafield>
        <marc:datafield tag="035" ind1=" " ind2=" ">
            <marc:subfield code="9">ADJ1551TS</marc:subfield>
        </marc:datafield>
        <marc:datafield tag="035" ind1=" " ind2=" ">
            <marc:subfield code="a">(NjP)744910</marc:subfield>
        </marc:datafield>
        <marc:datafield tag="079" ind1=" " ind2=" ">
            <marc:subfield code="a">ocm25336824</marc:subfield>
        </marc:datafield>
        <marc:datafield tag="049" ind1=" " ind2=" ">
            <marc:subfield code="a">PULL</marc:subfield>
        </marc:datafield>
        <marc:datafield tag="100" ind1="1" ind2=" ">
            <marc:subfield code="6">880-01</marc:subfield>
            <marc:subfield code="a">Farrūkh, ʻUmar,</marc:subfield>
            <marc:subfield code="d">1906-</marc:subfield>
        </marc:datafield>
        <marc:datafield tag="245" ind1="1" ind2="3">
            <marc:subfield code="6">880-02</marc:subfield>
            <marc:subfield code="a">al-Falsafah al-Yūnānīyah fī ṭarīqihā ilá al-ʻArab</marc:subfield>
            <marc:subfield code="h">[microform] /</marc:subfield>
            <marc:subfield code="c">taʼlīf ʻUmar Farrūkh.</marc:subfield>
        </marc:datafield>
        <marc:datafield tag="250" ind1=" " ind2=" ">
            <marc:subfield code="6">880-03</marc:subfield>
            <marc:subfield code="a">al-Ṭabʻah 1.</marc:subfield>
        </marc:datafield>
        <marc:datafield tag="260" ind1=" " ind2=" ">
            <marc:subfield code="6">880-04</marc:subfield>
            <marc:subfield code="a">Bayrūt :</marc:subfield>
            <marc:subfield code="b">Maktabat Munīmunah,</marc:subfield>
            <marc:subfield code="c">1947.</marc:subfield>
        </marc:datafield>
        <marc:datafield tag="300" ind1=" " ind2=" ">
            <marc:subfield code="a">114 p. ;</marc:subfield>
            <marc:subfield code="c">22 cm.</marc:subfield>
        </marc:datafield>
        <marc:datafield tag="500" ind1=" " ind2=" ">
            <marc:subfield code="a">Title on p. [4] of cover: Greek philosophy and the story of its translation into Arabic.</marc:subfield>
        </marc:datafield>
        <marc:datafield tag="533" ind1=" " ind2=" ">
            <marc:subfield code="a">Microfilm.</marc:subfield>
            <marc:subfield code="b">Bethlehem, PA :</marc:subfield>
            <marc:subfield code="c">Mid-Atlantic Preservation Service,</marc:subfield>
            <marc:subfield code="d">1991.</marc:subfield>
            <marc:subfield code="e">1 microfilm reel ; 35 mm.</marc:subfield>
            <marc:subfield code="f">(Princeton University Arabic collection ; cn. 9100889.08).</marc:subfield>
            <marc:subfield code="7">s1991    paun a</marc:subfield>
        </marc:datafield>
        <marc:datafield tag="590" ind1=" " ind2=" ">
            <marc:subfield code="a">Princeton Arabic Microfilming Project.</marc:subfield>
        </marc:datafield>
        <marc:datafield tag="650" ind1=" " ind2="0">
            <marc:subfield code="a">Philosophy, Arab.</marc:subfield>
        </marc:datafield>
        <marc:datafield tag="740" ind1="0" ind2=" ">
            <marc:subfield code="a">Greek philosophy and the story of its translation into Arabic.</marc:subfield>
        </marc:datafield>
        <marc:datafield tag="830" ind1=" " ind2="0">
            <marc:subfield code="a">Princeton University Arabic collection ;</marc:subfield>
            <marc:subfield code="v">cn. 9100889.08.</marc:subfield>
        </marc:datafield>
        <marc:datafield tag="880" ind1="1" ind2=" ">
            <marc:subfield code="6">100-01/r</marc:subfield>
            <marc:subfield code="a">فروخ، عمر،</marc:subfield>
            <marc:subfield code="d">1906-</marc:subfield>
        </marc:datafield>
        <marc:datafield tag="880" ind1="1" ind2="2">
            <marc:subfield code="6">245-02/r</marc:subfield>
            <marc:subfield code="a">الفلسفة اليونانية في طريقها الى العرب</marc:subfield>
            <marc:subfield code="h">[microform] /</marc:subfield>
            <marc:subfield code="c">تأليف عمر فروخ.</marc:subfield>
        </marc:datafield>
        <marc:datafield tag="880" ind1=" " ind2=" ">
            <marc:subfield code="6">250-03/r</marc:subfield>
            <marc:subfield code="a">الطبعة 1.</marc:subfield>
        </marc:datafield>
        <marc:datafield tag="880" ind1=" " ind2=" ">
            <marc:subfield code="6">260-04/r</marc:subfield>
            <marc:subfield code="a">بيروت :</marc:subfield>
            <marc:subfield code="b">مكتبة منيمنة،</marc:subfield>
            <marc:subfield code="c">1947.</marc:subfield>
        </marc:datafield>
        <marc:datafield tag="998" ind1=" " ind2=" ">
            <marc:subfield code="a">01/07/92</marc:subfield>
            <marc:subfield code="s">9124</marc:subfield>
            <marc:subfield code="n">NjP</marc:subfield>
            <marc:subfield code="w">NJPG92B496</marc:subfield>
            <marc:subfield code="d">01/03/92</marc:subfield>
            <marc:subfield code="c">KC</marc:subfield>
            <marc:subfield code="b">KC</marc:subfield>
            <marc:subfield code="i">920107</marc:subfield>
            <marc:subfield code="l">NJPG</marc:subfield>
        </marc:datafield>
        <marc:datafield tag="948" ind1=" " ind2=" ">
            <marc:subfield code="a">CON AACR2 bw set 08</marc:subfield>
        </marc:datafield>
        <marc:datafield tag="911" ind1=" " ind2=" ">
            <marc:subfield code="a">19921028</marc:subfield>
        </marc:datafield>
        <marc:datafield tag="912" ind1=" " ind2=" ">
            <marc:subfield code="a">19961230050738.0</marc:subfield>
        </marc:datafield>
        <marc:datafield tag="999" ind1=" " ind2=" ">
            <marc:subfield code="a">744910</marc:subfield>
        </marc:datafield>
    </marc:record>
    </marc:collection>